@misc{UNIDIRswarm,
	title = {Robótica de enjambre},
	url = {https://unidir.org/wp-content/uploads/2023/05/UNIDIR_Swarms_SinglePages_web_SP.pdf},
	author = {Merel Ekelhof and Giacomo Persi},
	year = {2023}
}

@misc{EnjambresCultivos,
	title = {Enjambres de robots y sus aplicaciones en la exploración y comunicación},
	url = {http://hdl.handle.net/2238/13120},
	author = {Rebeca Solís},
	year = {2019}
}

@misc{Bluebot,
	title = {Robotic swarm swims like a school of fish},
	url = {https://wyss.harvard.edu/news/robotic-swarm-swims-like-a-school-of-fish/},
	author = {Leah Burrows},
	year = {2021}
}

@misc{Robotarium,
	title = {Robotarium: A Robotics Lab Accessible to All},
	url = {https://news.gatech.edu/archive/features/robotarium-robotics-lab-accessible-all.shtml},
	author = {Jason Maderer},
	year = {2017}
}

@misc{Robotat,
	title = {16 datos sobre el Robotat},
	url = {https://noticias.uvg.edu.gt/datos-robotat-habitat-robotica-cit-116/},
	author = {Pedro Barrera},
	year = {2023}
}

@misc{imgRobotat,
	title = {Cuando la física granular y la robótica se apoyan una a otra},
	url = {https://noticias.uvg.edu.gt/robotat-robotario-fisica-granular-robotica/},
	author = {Pedro Barrera},
	year = {2022}
}

@thesis{MenendezJ_2023_tesis,
	author = {Jonathan Menéndez},
	title  = {Validación de los algoritmos de robótica de enjambre Particle Swarm Optimization y Ant Colony Optimization con sistemas robóticos físicos en el ecosistema Robotat},
	note   = {Tesis de licenciatura},
	school = {Universidad Del Valle de Guatemala},
	year   = {2023},
}

@thesis{PenaAM_2019_tesis,
	author = {Andrea Peña},
	title  = {Algoritmo de sincronización y control de sistemas de robots multi-agente para misiones de búsqueda},
	note   = {Tesis de licenciatura},
	school = {Universidad Del Valle de Guatemala},
	year   = {2019},
}

@thesis{RodriguezJA_2023_tesis,
	author = {José Rodríguez},
	title  = {Validación de un algoritmo de inteligencia de enjambre enfocado en sincronización y control de formaciones de sistemas robóticos multi-agente en un entorno físico},
	note   = {Tesis de licenciatura},
	school = {Universidad Del Valle de Guatemala},
	year   = {2023},
}

@misc{teoria_de_grafos,
	title = {Teoría de grafos},
	url = {https://rpubs.com/Yelky99/Tgrafos_pmai},
	author = {Victor Noble},
	year = {2022}
}

@article{tipos_de_grafos,
	title     = {Modelos Gráficos y Redes en Psicología},
	author    = {Ana Ruiz-Ruano and Jorge López},
	journal   = {Revista de Historia de la Psicología},
	publisher = {Colegio Oficial de Psicologos de Madrid},
	volume    = {41},
	number    = {4},
	pages     = {24--33},
	year      = {2020}
}

@misc{matrices_asociadas_grafos,
	title = {Matroides y rigidez de grafos},
	url = {http://hdl.handle.net/10902/20492},
	author = {Luis Crespo},
	year = {2020}
}

@thesis{FrancoF_2016_trabajo_fin_de_grado,
	author = {Francisco Franco},
	title  = {Aspectos algebraicos en Teoría de Grafos},
	note   = {Tesis de licenciatura},
	school = {Universidad de Sevilla, España},
	year   = {2016},
}

@misc{imgEnjambre,
	title = {Part 1; Swarm Robots: Definition, System and Cycles},
	url = {https://csoham.com/2017/08/09/part-1-swarm-robots-definition-system-and-cycles/},
	author = {Soham Chatterjee},
	year = {2017}
}

@article{Control_centralizado_descentralizado,
	title     = {Control centralizado y descentralizado de edificaciones mediante acristalamientos activos},
	author    = {Belén Moreno and Juan Hernández},
	journal   = {Revista de Investigación ``Pensamiento Matemático''},
	publisher = {Universidad Politécnica de Madrid},
	volume    = {7},
	number    = {1},
	pages     = {19--38},
	year      = {2017}
}

@thesis{KrickL_2007_tesis,
	author = {Laura Krick},
	title  = {Application of Graph Rigidity in Formation Control of Multi-Robot Networks},
	note   = {Tesis de maestría},
	school = {Universidad de Toronto},
	year   = {2007}
}

@book{grafos_en_redes_multiagente,
	title     = {Graph Theoretic Methods in Multiagent Networks},
	author    = {Mehran Mesbahi and Magnus Egerstedt},
	year      = {2010},
	publisher = {Princeton University Press},
	isbn   = {9780691140612},
	url = {https://www.ebook.de/de/product/10047947/mehran_mesbahi_magnus_egerstedt_graph_theoretic_methods_in_multiagent_networks.html}
}

@book{control_lazo_cerrado,
	title     = {Control system engineering},
	author    = {Norman Nise},
	year      = {1995},
	publisher = {Benjamin/Cummings},
}

@misc{ZeaM_modelo_uniciclo,
	title = {Lectura 12: Control de robots móviles con ruedas},
	author = {Miguel Zea},
	urldate = {2024}
}

@misc{primex41,
	title = {Primex 41},
	url = {https://optitrack.com/cameras/primex-41/},
	author = {OptiTrack},
	urldate = {2024}
}

@misc{matlab,
	title = {MATLAB - El lenguaje del cálculo técnico},
	url = {https://la.mathworks.com/products/matlab.html},
	author = {MathWorks},
	urldate = {2024}
}

@misc{webots,
	title = {Webots},
	url = {https://cyberbotics.com/},
	author = {Cyberbotics},
	urldate = {2024}
}

@misc{pololu3pi+,
	title = {3pi+ 32U4 OLED Robot - Standard Edition (30:1 MP Motors), Assembled},
	url = {https://www.pololu.com/product/4975},
	author = {Pololu},
	urldate = {2024}
}

@book{libro_paralelismo,
	title     = {Introducción a la Computación Paralela},
	author    = {Jose Aguilar and Ernst Leiss},
	year      = {2004},
	publisher = {Universidad de los andes Mérida-Venezuela},
	isbn   = {980-12-0752-3},
	url = {https://gc.scalahed.com/recursos/files/r161r/w25041w/introduccionalacomputacionparalela_S5.pdf}
}

@misc{definiciones_robotica_enjambre,
	title = {
	Interacción de los enjambres y robótica de grupo en la resolución de diversas tareas},
	url = {https://leotronics.eu/es/nuestro-blog/interaccion-de-los-enjambres-y-robotica-de-grupo-en-la-resolucion-de-diversas-tareas},
	author = {Leotronics},
	urldate = {2024}
}